@ONLINE {derekwillis2015ind,
    author = "Derek Willis",
    title  = "individual donnations NY Times API",
    month  = "may",
    year   = "2015",
    url    = "http://developer.nytimes.com/docs/campaign_finance_api/campaign_finance_api_examples#pres-state-zip-json"
}
@ONLINE {derekwillis2015com,
    author = "Derek Willis",
    title  = "commitees donnations NY Times API",
    month  = "may",
    year   = "2015",
    url    = "{http://developer.nytimes.com/docs/campaign_finance_api/campaign_finance_api_examples#committee-contributions-to-candidate-json"
}
@ONLINE {FECContribToCandFromComit2015,
    author = "Federal Election Commission, 999 E Street, NW, Washington, DC 20463 (800) 424-9530 In Washington (202) 694-1000",
    title  = "FEC Contributions to candidates from Comitees Site",
    month  = "dec",
    url    = "http://www.fec.gov/finance/disclosure/metadata/DataDictionaryContributionstoCandidates.shtml"
}
@ONLINE {FECCandMasterFile2015,
    author = "Federal Election Commission, 999 E Street, NW, Washington, DC 20463 (800) 424-9530 In Washington (202) 694-1000",
    title  = "FEC Candidates Master File Site",
    url    = "http://www.fec.gov/finance/disclosure/metadata/DataDictionaryCandidateMaster.shtml"
}
@ONLINE {FECComMasterFile2015,
    author = "Federal Election Commission, 999 E Street, NW, Washington, DC 20463 (800) 424-9530 In Washington (202) 694-1000",
    title  = "FEC Comitees Master File Site",
    url    = "http://www.fec.gov/finance/disclosure/metadata/DataDictionaryCommitteeMaster.shtml"
}
@ONLINE {FECCandidateComiteeLinkageFile2015,
    author = "Federal Election Commission, 999 E Street, NW, Washington, DC 20463 (800) 424-9530 In Washington (202) 694-1000",
    title  = "FEC Candidate - Comtiee linkage file Site",
    url    = "http://www.fec.gov/finance/disclosure/metadata/DataDictionaryCandCmteLinkage.shtml"
}
@ONLINE {FECIndividualContributionMasterFileDescriptionSite2015,
    author = "Federal Election Commission, 999 E Street, NW, Washington, DC 20463 (800) 424-9530 In Washington (202) 694-1000",
    title  = "FEC Individual Contributions Master File Description Site",
    url    = "http://www.fec.gov/finance/disclosure/metadata/DataDictionaryContributionsbyIndividuals.shtml"
}
@ONLINE {geogames,
    author = "geogames",
    title  = "Geogames postal code data site",
    url    = "http://download.geonames.org/export/zip/"
}
@ONLINE {USZipCodeDatabase,
    title = "Unites States Zip code database",
    url   = "http://www.unitedstateszipcodes.org/zip-code-database/"
}
@ONLINE {arcgisDatabase,
    title = "arcGisDatabaseESRI",
    url   = "http://www.arcgis.com/home/item.html?id=8d2012a2016e484dafaac0451f9aea24"
}
@ONLINE {geonode,
    title = "geonode",
    url   = "http://docs.geonode.org/en/dev/developers/architecture.html"
}
@ONLINE {geokode,
    title = "geokode",
    url   = "http://geokods.com/#!/blog/view/open_source_gis_architecture"
}
@ONLINE {loadShpDataIntoPostGis,
    title = "Loading shapefile data into PostGIS from the Command Line",
    url   = "http://suite.opengeo.org/opengeo-docs/dataadmin/pgGettingStarted/shp2pgsql.html"
}
@ONLINE {servepostgisdata1,
    title = "Serve postgis data",
    url   = "http://docs.geoserver.org/stable/en/user/gettingstarted/index.html"
}
@ONLINE {servepostgisdata2,
    title = "Serve postGIS data",
    url   = "http://gis.stackexchange.com/questions/108006/how-to-convert-data-from-a-gdb-into-a-shapefile-without-arcmap"
}

